
@article{einstein,
  author       = {Albert Einstein},
  title        = {Zur Elektrodynamic bewegter K{\"o}rper.(German) [On the electrodynamics of moving bodies]},
  journaltitle = {Annalen der Physik},
  year         = {1905},
  volume       = {322},
  number       = {10},
  pages        = {891-921},
  url          = {http://dx.doi.org/10.1002/andp.19053221004}
}

@online{knuthwebsite,
  author = {Donald Knuth},
  title  = {Knuth: Computers and Typessetting},
  year   = {1984},
  url    = {http://www-cs-facultaty.standford.edu/~uno/abcde.html}
}

@book{latexcompanion,
  author    = {Michael Grossens and Frank Mittelbach and Alexander Samarin},
  title     = {The Latex Companion},
  year      = {1993},
  publisher = {Addison-Wesley},
  location  = {Reading, Massachusetts}
}